<record><leader>00000cas a22000007a 4500</leader><controlfield tag="001">30681952</controlfield><controlfield tag="008">940628d19211924ohuwr ne      0    0eng d</controlfield><datafield ind1=" " ind2=" " tag="010"><subfield code="a">sn 94058523 </subfield></datafield><datafield ind1=" " ind2=" " tag="040"><subfield code="a">ONP</subfield><subfield code="b">eng</subfield><subfield code="c">ONP</subfield><subfield code="d">OCLCQ</subfield></datafield><datafield ind1=" " ind2=" " tag="042"><subfield code="a">msc</subfield></datafield><datafield ind1="0" ind2=" " tag="130"><subfield code="a">American Legion councillor (Toledo, Ohio : 1921)</subfield></datafield><datafield ind1="1" ind2="4" tag="245"><subfield code="a">The American Legion councillor.</subfield></datafield><datafield ind1=" " ind2=" " tag="260"><subfield code="a">Toledo, (Ohio) :</subfield><subfield code="b">Publication Committee of the Lucas County Council,</subfield><subfield code="c">1921-1924.</subfield></datafield><datafield ind1=" " ind2=" " tag="300"><subfield code="a">v.</subfield></datafield><datafield ind1=" " ind2=" " tag="310"><subfield code="a">Weekly</subfield></datafield><datafield ind1="0" ind2=" " tag="362"><subfield code="a">Vol. 1, no. 1 (Apr. 6, 1921)-v. 4, no. 21 (May 23, 1924).</subfield></datafield><datafield ind1=" " ind2="4" tag="650"><subfield code="a">American Legion</subfield><subfield code="z">Ohio</subfield><subfield code="z">Toledo</subfield><subfield code="v">Newspapers.</subfield></datafield><datafield ind1=" " ind2="4" tag="650"><subfield code="a">Veterans</subfield><subfield code="z">Ohio</subfield><subfield code="z">Toledo</subfield><subfield code="v">Newspapers.</subfield></datafield><datafield ind1=" " ind2="4" tag="651"><subfield code="a">Toledo (Ohio)</subfield><subfield code="v">Newspapers.</subfield></datafield><datafield ind1=" " ind2="4" tag="651"><subfield code="a">Lucas County (Ohio)</subfield><subfield code="v">Newspapers.</subfield></datafield><datafield ind1=" " ind2=" " tag="752"><subfield code="a">United States</subfield><subfield code="b">Ohio</subfield><subfield code="c">Lucas</subfield><subfield code="d">Toledo.</subfield></datafield><datafield ind1="0" ind2="0" tag="785"><subfield code="t">American Legion councillor of Northwestern Ohio (Toledo, Ohio : 1924)</subfield><subfield code="w">(DLC)sn 94058524</subfield></datafield><datafield ind1="1" ind2=" " tag="029"><subfield code="a">AU@</subfield><subfield code="b">000025848144</subfield></datafield></record>